% Tese de Doutorado
@PHDTHESIS{PaquetePhD,
  AUTHOR = {L.~Paquete},
  TITLE = {Stochastic Local Search Algorithms for Multiobjective Combinatorial
Optimization Problems: Methods and Analysis},
  SCHOOL = {Techniche Universit\"at Darmstadt},
  YEAR = {2005}
}


% Relatorio tecnico
@TechReport{Jaszkiewicz,
AUTHOR={ Andrzej Jaszkiewicz},
TITLE={Genetic local search for multiple objective combinatorial optimization},
YEAR=1998,
INSTITUTION={Institute of Computing Science, Poznan University of Technology},
NUMBER={RA-014/98}
}

% Capitulo de Livro
@InBook2{Sommerville,
  author = 	 {Ian Sommervile},
  editor = 	 {tradução Ivan Bosnic e Kalinka G.de O. Gonçalves; revisão técnica Kechi Hirama.},
  title = 	 {Engenharia de Software},
  chapter = 	 {Engenharia de requisitos},
  publisher = 	 {Pearson},
  year = 	 {2011},
  volume = 	 {9},
  pages = 	 {57--79},
  OPTannote = 	 {ISBN: 978-85-7936-108-1 }
}


% Artigo em anais de congresso
@InProceedings{KnowlesBoundedLebesgue,
  author = 	 {Joshua D. Knowles and David W. Corne and Mark Fleischer},
  title = 	 {Bounded Archiving using the {L}ebesgue Measure},
  booktitle = 	 {Proceedings of the IEEE Congress on Evolutionary Computation},
  pages = 	 {2490--2497},
  year = 	 {2003},
  publisher = {IEEE Press}
}


% Artigo de jornal
@Article{LopezPaqueteStu,
  AUTHOR = { Manuel L{\'o}pez-Ib{\'a}{\~n}ez  and  Lu\'is Paquete  and  Thomas St{\"u}tzle },
  TITLE = {Hybrid Population-based Algorithms for the
                  Bi-objective Quadratic Assignment Problem},
  JOURNAL = {Journal of Mathematical Modelling and Algorithms},
  YEAR = 2006,
  VOLUME = 5,
  NUMBER = 1,
  PAGES = {111--137}
 }
 
 
% Livro
@Book{Silberschatz,
  author =       {Silberschatz, Abraham and
                  Korth, Henry F. and
                  Sudarshan, S.},
  title =        {Database system concepts},
  publisher =    {McGraw-Hill},
  year =         {2002},
  edition =      {4th},
  address = {Boston}
}


%Referencia da Web
@Misc{DB2XML,
    author =     {Volker Turau},
    title =      {DB2XML 1.4: {Transforming} relational databases into {XML} documents},    
    month =     Oct,
    year =   {2001},
    note = {Out., 2001. Disponível em: <\url{http://www.informatik.fh-wiesbaden.de/~turau/DB2XML/index.html}>. Acesso em Abril 9, 2004},
}


@Wwwsebrae{SebraeCallCenter,
  author       = {Formiga, Fabio de Oliveira Nobre},
  title        = {Como montar um call-center},
  date         = {2018-04-02},
  organization = {SEBRAE},
  subtitle     = {Ideias de negócio},
  url          = {http://www.sebrae.com.br/sites/PortalSebrae/ideias/como-montar-um-call-center,e5f87a51b9105410VgnVCM1000003b74010aRCRD},
  urldate      = {2018-04-02},
  note = {Acessado em Abril de 2018.},
  year = {2018}
}


@Wwwcallcenterinfo{CallCenterInf,
    author =     {Marildo Matta},
    title =      {Conquiste seu cliente com uso do chatbot},    
    date = {2018-02-05},
    organization = {callcenter.inf.br},
    url = {http://callcenter.inf.br/artigos/66060/conquiste-seu-cliente-com-uso-do-chatbot/ler.aspx},
    urldate = {2018-04-08},
    note = {Acessado em Abril de 2018.},
    year = {2018}
}

@Wwwevgnumeros{EVGnumeros,
    author =     {EV.G},
    title =      {EV.G em números},    
    date = {2018-02-05},
    organization = {EV.G},
    url = {https://emnumeros.escolavirtual.gov.br/indicadores/},
    urldate = {2018-04-08},
    note = {Acessado em Abril de 2018.},
    year = {2018}
}

@Wwwsimply{SimplyChat,
    author =     {CAROLINE GOMES},
    title =      {Chatbot: entenda tudo sobre o assunto},    
    date = {2017-02-20},
    organization = {EV.G},
    url = {http://blog.simply.com.br/chatbot/},
    urldate = {2018-04-09},
    note = {Acessado em Abril de 2018.},
    year = {2017}
}

@Wwwgamamedeiros{GamaMedeiros,
    author =     {LUIZ FERNANDO GAMA DE MEDEIROS},
    title =      {O que é um Chatbot?},    
    date = {2017-07-19},
    organization = {GAMA MEDEIROS ADVOGADOS},
    url = {http://gamademedeiros.com.br/o-que-e-um-chatbot/},
    urldate = {2018-04-09},
    note = {Acessado em Abril de 2018.},
    year = {2017}
}

@Wwwpln1{PLN1,
    author =     {JÉSSIA RODRIGUES},
    title =      {O que é o Processamento de Linguagem Natural?},    
    date = {2017-07-14},
    organization = {MEDIUM},
    url = {https://medium.com/botsbrasil/o-que-%C3%A9-o-processamento-de-linguagem-natural-49ece9371cff
},
    urldate = {2018-04-09},
    note = {Acessado em Abril de 2018.},
    year = {2017}
}


@Wwwfalakichatbot{Falaki,
    author =     {SINA FALAKI},
    title =      {Chatbot AI: The Secret to Creating an Intelligent Bot},
    date = {2017-07-19},
    organization = {MEDIUM},
    url = {https://medium.com/chatbotglobalnews/chatbot-ai-the-secret-to-creating-an-intelligent-bot-a4e08b0d0579},
    urldate = {2018-04-09},
    note = {Acessado em Abril de 2018.},
    year = {2017}
}

@Wwwjuliano{Juliano,
    author =     {Juliano Statdlober},
    title =      {Você conhece os tipos de chatbots?},
    date = {2017-08-07},
    organization = {MEDIUM},
    url = {https://faledireto.com.br/voc%C3%AA-conhece-os-tipos-de-chatbots-69c5f5087ad0},
    urldate = {2018-04-10},
    note = {Acessado em Abril de 2018.},
    year = {2017}
}


@Wwwjuliano{Samer,
    author =     {Samer Tarazi},
    title =      {Exploring the different types of chat bots},
    date = {2017-08-31},
    organization = {Eila},
    url = {https://www.eila.io/single-post/2017/08/31/Exploring-the-different-types-of-chat-bots},
    urldate = {2018-04-10},
    note = {Acessado em Abril de 2018.},
    year = {2017}
}


@WwwDDS{DDS,
    author =     {Felipe Rampinelli},
    title =      {Assistente Virtual Inteligente: você sabe o que é?},
    date = {2017-07-06},
    organization = {DDS},
    url = {https://www.dds.com.br/blog/index.php/assistente-virtual-inteligente-voce-sabe-o-que-e/},
    urldate = {2018-04-12},
    note = {Acessado em Abril de 2018.},
    year = {2017}
}


@WwwIMaster{IMaster,
    author =     {Michael Yuan},
    title =      {Um guia para desenvolvedores de chatbots},
    date = {2016-08-18},
    organization = {IMasters},
    url = {https://imasters.com.br/desenvolvimento/um-guia-para-desenvolvedores-de-chatbots/?trace=1519021197&source=single},
    urldate = {2018-04-16},
    note = {Acessado em Abril de 2018.},
    year = {2016}
}

@WwwSimpleML{SimpleML,
    author =     {Data Science Brigade},
    title =      {A Diferença Entre Inteligência Artificial, Machine Learning e Deep Learning},
    date = {2016-08-25},
    organization = {Medium},
    url = {https://medium.com/data-science-brigade/a-diferen\%C3\%A7a-entre-intelig\%C3\%AAncia-artificial-machine-learning-e-deep-learning-930b5cc2aa42},
    urldate = {2018-04-16},
    note = {Acessado em Abril de 2018.},
    year = {2016}
}


@WwwSASML{SASML,
    author =     {SAS Institute},
    title =      {Machine Learning - O que é e qual sua importância?},
    date = {2018-04-16},
    organization = {SAS Institute},
    url = {https://www.sas.com/pt_br/insights/analytics/machine-learning.htm},
    urldate = {2018-04-16},
    note = {Acessado em Abril de 2018.},
    year = {2016}
}

@WwwBotAnatomy{Anatomy,
    author =     {Luiz Carlos Faria},
    title =      {A anatomia de um chatbot},
    date = {2017-10-01},
    organization = {gaGO.io},
    url = {https://gago.io/blog/anatomia-de-um-chatbot/},
    urldate = {2018-04-16},
    note = {Acessado em Abril de 2018.},
    year = {2017}
}


@WwwRequisitos{ReqJair,
    author =     {Jair Leite},
    title =      {Análise e Especificação de Requisitos},
    date = {2001-04-01},
    organization = {DIMAP},
    url = {https://www.dimap.ufrn.br/~jair/ES/c4.html},
    urldate = {2018-04-22},
    note = {Acessado em Abril de 2018.},
    year = {2001}
}

@WwwRequisitos{ReqJair2,
    author =     {Jair Leite},
    title =      {Exemplos de Casos de Uso},
    date = {2001-04-01},
    organization = {DIMAP},
    url = {https://www.dimap.ufrn.br/~jair/ES/exemplos/casosdeuso.html},
    urldate = {2018-04-28},
    note = {Acessado em Abril de 2018.},
    year = {2001}
}

% Dissertação de Mestrado
@MasterThesis{Angelo2004,
  AUTHOR =       "Angelo Agra",
  TITLE =        "Implementação de uma Proposta para Atualização de Bancos de Dados através de Visões",
  SCHOOL =       "Instituto de Informática, UFRGS",
  YEAR =         "2004",
  type =         "{Projeto de Diplomação}",
  address =      "Porto Alegre, RS, Brasil",
  month =        Jul
}

@Conference{Evg2017,
  author    = {Mota, Natália Teles and Pontes, Bruno Pereira},
  title     = {Escola Virtual do Governo Federal: proposta de solução para capacitação continuada a distância no serviço público federal},
  booktitle = {XXII Congreso Internacional del CLAD sobre la Reforma del Estado y de la Administración Pública},
  year      = {2017},
}
